<record><leader>00000cas a22000007a 4500</leader><controlfield tag="001">25063306</controlfield><controlfield tag="008">920108d1874187uctuwr ne      0    0eng d</controlfield><datafield ind1=" " ind2=" " tag="010"><subfield code="a">sn 92051106 </subfield></datafield><datafield ind1=" " ind2=" " tag="040"><subfield code="a">CNW</subfield><subfield code="b">eng</subfield><subfield code="c">CNW</subfield><subfield code="d">OCLCQ</subfield><subfield code="d">OCLCF</subfield><subfield code="d">OCLCO</subfield></datafield><datafield ind1="1" ind2=" " tag="029"><subfield code="a">AU@</subfield><subfield code="b">000020412519</subfield></datafield><datafield ind1=" " ind2=" " tag="042"><subfield code="a">msc</subfield></datafield><datafield ind1=" " ind2=" " tag="043"><subfield code="a">n-us-ct</subfield></datafield><datafield ind1="0" ind2=" " tag="130"><subfield code="a">Plainville news (Plainville, Conn. : 1874)</subfield></datafield><datafield ind1="1" ind2="4" tag="245"><subfield code="a">The Plainville news.</subfield></datafield><datafield ind1=" " ind2=" " tag="260"><subfield code="a">Plainville, Conn. :</subfield><subfield code="b">C.H. Riggs</subfield></datafield><datafield ind1=" " ind2=" " tag="300"><subfield code="a">v.</subfield></datafield><datafield ind1=" " ind2=" " tag="310"><subfield code="a">Weekly</subfield></datafield><datafield ind1="1" ind2=" " tag="362"><subfield code="a">Began in 1874.</subfield></datafield><datafield ind1=" " ind2=" " tag="500"><subfield code="a">Published in Bristol, Conn., &lt;May 31, 1877&gt;-</subfield></datafield><datafield ind1=" " ind2=" " tag="530"><subfield code="a">Also issued on microfilm from Connecticut State Library, Hartford, CT.</subfield></datafield><datafield ind1=" " ind2=" " tag="588"><subfield code="a">Description based on: Vol. 1, no. 5 (Apr. 2, 1874).</subfield></datafield><datafield ind1=" " ind2="0" tag="651"><subfield code="a">Plainville (Conn.)</subfield><subfield code="v">Newspapers.</subfield></datafield><datafield ind1=" " ind2="7" tag="655"><subfield code="a">Newspapers.</subfield><subfield code="2">fast</subfield><subfield code="0">(OCoLC)fst01423814</subfield></datafield><datafield ind1=" " ind2="7" tag="651"><subfield code="a">Connecticut</subfield><subfield code="z">Plainville.</subfield><subfield code="2">fast</subfield><subfield code="0">(OCoLC)fst01203008</subfield></datafield><datafield ind1=" " ind2=" " tag="752"><subfield code="a">United States</subfield><subfield code="b">Connecticut</subfield><subfield code="c">Hartford</subfield><subfield code="d">Bristol.</subfield></datafield><datafield ind1="0" ind2=" " tag="775"><subfield code="t">Bristol Press (Bristol, Conn. : 1871)</subfield><subfield code="w">(DLC)sn 84027711</subfield><subfield code="w">(OCoLC)11470435</subfield></datafield><datafield ind1="0" ind2="0" tag="785"><subfield code="t">Plainville weekly news</subfield><subfield code="w">(DLC)sn 92051107</subfield><subfield code="w">(OCoLC)25063393</subfield></datafield></record>